@article{hall1968effect,
  title={The effect of expansion mismatch on temperature coefficient of resistance of thin films},
  author={Hall, PM},
  journal={Applied Physics Letters},
  volume={12},
  number={6},
  pages={212--212},
  year={1968},
  publisher={AIP}
}
